
@article {BR-2007,
    AUTHOR = {Baker, Matt and Rumely, Robert},
     TITLE = {Harmonic analysis on metrized graphs},
   JOURNAL = {Canad. J. Math.},
  FJOURNAL = {Canadian Journal of Mathematics. Journal Canadien de
              Math\'{e}matiques},
    VOLUME = {59},
      YEAR = {2007},
    NUMBER = {2},
     PAGES = {225--275},
      ISSN = {0008-414X},
   MRCLASS = {43A99 (05C12 58C40)},
  MRNUMBER = {2310616},
MRREVIEWER = {Charles Favre},
       DOI = {10.4153/CJM-2007-010-2},
       URL = {https://doi-org.offcampus.lib.washington.edu/10.4153/CJM-2007-010-2},
}

@book {BR-2010,
    AUTHOR = {Baker, Matthew and Rumely, Robert},
     TITLE = {Potential theory and dynamics on the {B}erkovich projective
              line},
    SERIES = {Mathematical Surveys and Monographs},
    VOLUME = {159},
 PUBLISHER = {American Mathematical Society, Providence, RI},
      YEAR = {2010},
     PAGES = {xxxiv+428},
      ISBN = {978-0-8218-4924-8},
   MRCLASS = {37P50 (14G20 14G22 31C15 31C45 37P40)},
  MRNUMBER = {2599526},
MRREVIEWER = {Charles Favre},
       DOI = {10.1090/surv/159},
       URL = {https://doi-org.offcampus.lib.washington.edu/10.1090/surv/159},
}

@article {CR,
    AUTHOR = {Chinburg, Ted and Rumely, Robert},
     TITLE = {The capacity pairing},
   JOURNAL = {J. Reine Angew. Math.},
  FJOURNAL = {Journal f\"{u}r die Reine und Angewandte Mathematik. [Crelle's
              Journal]},
    VOLUME = {434},
      YEAR = {1993},
     PAGES = {1--44},
      ISSN = {0075-4102},
   MRCLASS = {14G40 (11G20 11G30)},
  MRNUMBER = {1195689},
MRREVIEWER = {Douglas L. Ulmer},
       DOI = {10.1515/crll.1993.434.1},
       URL = {https://doi-org.offcampus.lib.washington.edu/10.1515/crll.1993.434.1},
}

@article {graham-hoffman-hosoya,
    AUTHOR = {Graham, R. L. and Hoffman, A. J. and Hosoya, H.},
     TITLE = {On the distance matrix of a directed graph},
   JOURNAL = {J. Graph Theory},
  FJOURNAL = {Journal of Graph Theory},
    VOLUME = {1},
      YEAR = {1977},
    NUMBER = {1},
     PAGES = {85--88},
      ISSN = {0364-9024},
   MRCLASS = {05C20},
  MRNUMBER = {505769},
MRREVIEWER = {Rudolf Halin},
       DOI = {10.1002/jgt.3190010116},
       URL = {https://doi-org.offcampus.lib.washington.edu/10.1002/jgt.3190010116},
}

@book {LP,
    AUTHOR = {Lyons, Russell and Peres, Yuval},
     TITLE = {Probability on trees and networks},
    SERIES = {Cambridge Series in Statistical and Probabilistic Mathematics},
    VOLUME = {42},
 PUBLISHER = {Cambridge University Press, New York},
      YEAR = {2016},
     PAGES = {xv+699},
      ISBN = {978-1-107-16015-6},
   MRCLASS = {60C05 (05C05 05C81 28A80 60J10 60J80 60K35 82B41)},
  MRNUMBER = {3616205},
MRREVIEWER = {Laurent Miclo},
       DOI = {10.1017/9781316672815},
       URL = {https://doi-org.offcampus.lib.washington.edu/10.1017/9781316672815},
}

@book {Ran,
    AUTHOR = {Ransford, Thomas},
     TITLE = {Potential theory in the complex plane},
    SERIES = {London Mathematical Society Student Texts},
    VOLUME = {28},
 PUBLISHER = {Cambridge University Press, Cambridge},
      YEAR = {1995},
     PAGES = {x+232},
      ISBN = {0-521-46120-0; 0-521-46654-7},
   MRCLASS = {31-02},
  MRNUMBER = {1334766},
MRREVIEWER = {D. H. Armitage},
       DOI = {10.1017/CBO9780511623776},
       URL = {https://doi-org.offcampus.lib.washington.edu/10.1017/CBO9780511623776},
}

@book {Rum,
    AUTHOR = {Rumely, Robert S.},
     TITLE = {Capacity theory on algebraic curves},
    SERIES = {Lecture Notes in Mathematics},
    VOLUME = {1378},
 PUBLISHER = {Springer-Verlag, Berlin},
      YEAR = {1989},
     PAGES = {iv+437},
      ISBN = {3-540-51410-4},
   MRCLASS = {14G40 (11G30 11R06 31C15)},
  MRNUMBER = {1009368},
MRREVIEWER = {Daniel Barsky},
       DOI = {10.1007/BFb0084525},
       URL = {https://doi-org.offcampus.lib.washington.edu/10.1007/BFb0084525},
}

@book {Tsu,
    AUTHOR = {Tsuji, M.},
     TITLE = {Potential theory in modern function theory},
      NOTE = {Reprinting of the 1959 original},
 PUBLISHER = {Chelsea Publishing Co., New York},
      YEAR = {1975},
     PAGES = {x+590},
   MRCLASS = {31-02},
  MRNUMBER = {0414898},
}